<record><leader>00000cas a22000007a 4500</leader><controlfield tag="001">23243800</controlfield><controlfield tag="008">910314d18531856nyudn ne      0    0eng d</controlfield><datafield ind1=" " ind2=" " tag="010"><subfield code="a">sn 91066040 </subfield></datafield><datafield ind1=" " ind2=" " tag="040"><subfield code="a">NYS</subfield><subfield code="b">eng</subfield><subfield code="c">NYS</subfield><subfield code="d">OCL</subfield><subfield code="d">OCLCF</subfield><subfield code="d">OCLCO</subfield></datafield><datafield ind1="1" ind2=" " tag="029"><subfield code="a">AU@</subfield><subfield code="b">000020226329</subfield></datafield><datafield ind1=" " ind2=" " tag="042"><subfield code="a">msc</subfield></datafield><datafield ind1="0" ind2="0" tag="245"><subfield code="a">Syracuse evening chronicle.</subfield></datafield><datafield ind1=" " ind2=" " tag="260"><subfield code="a">[Syracuse, N.Y.] :</subfield><subfield code="b">George Barnes,</subfield><subfield code="c">1853-</subfield></datafield><datafield ind1=" " ind2=" " tag="300"><subfield code="a">v. ;</subfield><subfield code="c">62 cm.</subfield></datafield><datafield ind1=" " ind2=" " tag="310"><subfield code="a">Daily (except Sunday)</subfield></datafield><datafield ind1="0" ind2=" " tag="362"><subfield code="a">Vol. 2, no. 1 (Dec. 22, 1853)-</subfield></datafield><datafield ind1="1" ind2=" " tag="362"><subfield code="a">Ceased in 1856?</subfield></datafield><datafield ind1=" " ind2=" " tag="500"><subfield code="a">Editors: R.R. Raymond and C.E. Smith.</subfield></datafield><datafield ind1=" " ind2="0" tag="651"><subfield code="a">Syracuse (N.Y.)</subfield><subfield code="v">Newspapers.</subfield></datafield><datafield ind1=" " ind2="7" tag="655"><subfield code="a">Newspapers.</subfield><subfield code="2">fast</subfield><subfield code="0">(OCoLC)fst01423814</subfield></datafield><datafield ind1=" " ind2="7" tag="651"><subfield code="a">New York (State)</subfield><subfield code="z">Syracuse.</subfield><subfield code="2">fast</subfield><subfield code="0">(OCoLC)fst01205293</subfield></datafield><datafield ind1=" " ind2=" " tag="752"><subfield code="a">United States</subfield><subfield code="b">New York</subfield><subfield code="c">Onondaga</subfield><subfield code="d">Syracuse.</subfield></datafield><datafield ind1="0" ind2=" " tag="775"><subfield code="t">Weekly chronicle (Syracuse, N.Y.)</subfield><subfield code="w">(DLC)sn 86053094</subfield><subfield code="w">(OCoLC)13148772</subfield></datafield><datafield ind1="0" ind2="0" tag="780"><subfield code="t">Evening chronicle (Syracuse, N.Y.)</subfield><subfield code="w">(DLC)sn 86053095</subfield><subfield code="w">(OCoLC)13148842</subfield></datafield><datafield ind1="0" ind2="4" tag="785"><subfield code="t">Syracuse daily journal</subfield><subfield code="w">(DLC)sn 83031912</subfield><subfield code="w">(OCoLC)10033458</subfield></datafield><datafield ind1=" " ind2=" " tag="936"><subfield code="a">Vol. 4, no. 39 (Feb. 14, 1856) LIC</subfield></datafield></record>